%YAML 1.1
%TAG !u! tag:unity3d.com,2011:
--- !u!1 &100000
GameObject:
  m_ObjectHideFlags: 1
  m_PrefabParentObject: {fileID: 0}
  m_PrefabInternal: {fileID: 100100000}
  serializedVersion: 4
  m_Component:
  - 4: {fileID: 400000}
  - 114: {fileID: 11400002}
  m_Layer: 12
  m_Name: Foreground
  m_TagString: Untagged
  m_Icon: {fileID: 0}
  m_NavMeshLayer: 0
  m_StaticEditorFlags: 0
  m_IsActive: 1
--- !u!1 &100002
GameObject:
  m_ObjectHideFlags: 1
  m_PrefabParentObject: {fileID: 0}
  m_PrefabInternal: {fileID: 100100000}
  serializedVersion: 4
  m_Component:
  - 4: {fileID: 400002}
  - 114: {fileID: 11400004}
  m_Layer: 12
  m_Name: Background
  m_TagString: Untagged
  m_Icon: {fileID: 0}
  m_NavMeshLayer: 0
  m_StaticEditorFlags: 0
  m_IsActive: 1
--- !u!1 &100004
GameObject:
  m_ObjectHideFlags: 0
  m_PrefabParentObject: {fileID: 0}
  m_PrefabInternal: {fileID: 100100000}
  serializedVersion: 4
  m_Component:
  - 4: {fileID: 400004}
  - 114: {fileID: 11400000}
  m_Layer: 12
  m_Name: ManaBar
  m_TagString: Untagged
  m_Icon: {fileID: 0}
  m_NavMeshLayer: 0
  m_StaticEditorFlags: 0
  m_IsActive: 1
--- !u!1 &100006
GameObject:
  m_ObjectHideFlags: 1
  m_PrefabParentObject: {fileID: 0}
  m_PrefabInternal: {fileID: 100100000}
  serializedVersion: 4
  m_Component:
  - 4: {fileID: 400006}
  - 114: {fileID: 11400008}
  m_Layer: 12
  m_Name: Foreground
  m_TagString: Untagged
  m_Icon: {fileID: 0}
  m_NavMeshLayer: 0
  m_StaticEditorFlags: 0
  m_IsActive: 1
--- !u!1 &100008
GameObject:
  m_ObjectHideFlags: 1
  m_PrefabParentObject: {fileID: 0}
  m_PrefabInternal: {fileID: 100100000}
  serializedVersion: 4
  m_Component:
  - 4: {fileID: 400008}
  - 114: {fileID: 11400010}
  m_Layer: 12
  m_Name: Background
  m_TagString: Untagged
  m_Icon: {fileID: 0}
  m_NavMeshLayer: 0
  m_StaticEditorFlags: 0
  m_IsActive: 1
--- !u!1 &100010
GameObject:
  m_ObjectHideFlags: 0
  m_PrefabParentObject: {fileID: 0}
  m_PrefabInternal: {fileID: 100100000}
  serializedVersion: 4
  m_Component:
  - 4: {fileID: 400010}
  - 114: {fileID: 11400006}
  m_Layer: 12
  m_Name: HealthBar
  m_TagString: Untagged
  m_Icon: {fileID: 0}
  m_NavMeshLayer: 0
  m_StaticEditorFlags: 0
  m_IsActive: 1
--- !u!1 &100012
GameObject:
  m_ObjectHideFlags: 0
  m_PrefabParentObject: {fileID: 0}
  m_PrefabInternal: {fileID: 100100000}
  serializedVersion: 4
  m_Component:
  - 4: {fileID: 400012}
  - 114: {fileID: 11400012}
  - 114: {fileID: 11400022}
  m_Layer: 12
  m_Name: Icon
  m_TagString: Untagged
  m_Icon: {fileID: 0}
  m_NavMeshLayer: 0
  m_StaticEditorFlags: 0
  m_IsActive: 1
--- !u!1 &100014
GameObject:
  m_ObjectHideFlags: 0
  m_PrefabParentObject: {fileID: 0}
  m_PrefabInternal: {fileID: 100100000}
  serializedVersion: 4
  m_Component:
  - 4: {fileID: 400014}
  - 114: {fileID: 11400014}
  - 114: {fileID: 11400016}
  - 114: {fileID: 11400018}
  m_Layer: 12
  m_Name: HeroIcon
  m_TagString: Untagged
  m_Icon: {fileID: 0}
  m_NavMeshLayer: 0
  m_StaticEditorFlags: 0
  m_IsActive: 1
--- !u!4 &400000
Transform:
  m_ObjectHideFlags: 1
  m_PrefabParentObject: {fileID: 0}
  m_PrefabInternal: {fileID: 100100000}
  m_GameObject: {fileID: 100000}
  m_LocalRotation: {x: 0, y: 0, z: 0, w: 1}
  m_LocalPosition: {x: 0, y: 0, z: 0}
  m_LocalScale: {x: 79, y: 12, z: 1}
  m_Children: []
  m_Father: {fileID: 400004}
--- !u!4 &400002
Transform:
  m_ObjectHideFlags: 1
  m_PrefabParentObject: {fileID: 0}
  m_PrefabInternal: {fileID: 100100000}
  m_GameObject: {fileID: 100002}
  m_LocalRotation: {x: 0, y: 0, z: 0, w: 1}
  m_LocalPosition: {x: 0, y: 0, z: 0}
  m_LocalScale: {x: 80, y: 14, z: 1}
  m_Children: []
  m_Father: {fileID: 400004}
--- !u!4 &400004
Transform:
  m_ObjectHideFlags: 1
  m_PrefabParentObject: {fileID: 0}
  m_PrefabInternal: {fileID: 100100000}
  m_GameObject: {fileID: 100004}
  m_LocalRotation: {x: 0, y: 0, z: 0, w: 1}
  m_LocalPosition: {x: -38, y: -55, z: 0}
  m_LocalScale: {x: 1, y: 1, z: 1}
  m_Children:
  - {fileID: 400002}
  - {fileID: 400000}
  m_Father: {fileID: 400014}
--- !u!4 &400006
Transform:
  m_ObjectHideFlags: 1
  m_PrefabParentObject: {fileID: 0}
  m_PrefabInternal: {fileID: 100100000}
  m_GameObject: {fileID: 100006}
  m_LocalRotation: {x: 0, y: 0, z: 0, w: 1}
  m_LocalPosition: {x: 0, y: 0, z: 0}
  m_LocalScale: {x: 79, y: 12, z: 1}
  m_Children: []
  m_Father: {fileID: 400010}
--- !u!4 &400008
Transform:
  m_ObjectHideFlags: 1
  m_PrefabParentObject: {fileID: 0}
  m_PrefabInternal: {fileID: 100100000}
  m_GameObject: {fileID: 100008}
  m_LocalRotation: {x: 0, y: 0, z: 0, w: 1}
  m_LocalPosition: {x: 0, y: 0, z: 0}
  m_LocalScale: {x: 80, y: 14, z: 1}
  m_Children: []
  m_Father: {fileID: 400010}
--- !u!4 &400010
Transform:
  m_ObjectHideFlags: 1
  m_PrefabParentObject: {fileID: 0}
  m_PrefabInternal: {fileID: 100100000}
  m_GameObject: {fileID: 100010}
  m_LocalRotation: {x: 0, y: 0, z: 0, w: 1}
  m_LocalPosition: {x: -38, y: -39, z: 0}
  m_LocalScale: {x: 1, y: 1, z: 1}
  m_Children:
  - {fileID: 400008}
  - {fileID: 400006}
  m_Father: {fileID: 400014}
--- !u!4 &400012
Transform:
  m_ObjectHideFlags: 1
  m_PrefabParentObject: {fileID: 0}
  m_PrefabInternal: {fileID: 100100000}
  m_GameObject: {fileID: 100012}
  m_LocalRotation: {x: 0, y: 0, z: 0, w: 1}
  m_LocalPosition: {x: .5, y: 0, z: 0}
  m_LocalScale: {x: 73, y: 54, z: 1}
  m_Children: []
  m_Father: {fileID: 400014}
--- !u!4 &400014
Transform:
  m_ObjectHideFlags: 1
  m_PrefabParentObject: {fileID: 0}
  m_PrefabInternal: {fileID: 100100000}
  m_GameObject: {fileID: 100014}
  m_LocalRotation: {x: 0, y: 0, z: 0, w: 1}
  m_LocalPosition: {x: 50, y: -53, z: 0}
  m_LocalScale: {x: 1, y: 1, z: 1}
  m_Children:
  - {fileID: 400012}
  - {fileID: 400004}
  - {fileID: 400010}
  m_Father: {fileID: 0}
--- !u!114 &11400000
MonoBehaviour:
  m_ObjectHideFlags: 1
  m_PrefabParentObject: {fileID: 0}
  m_PrefabInternal: {fileID: 100100000}
  m_GameObject: {fileID: 100004}
  m_Enabled: 1
  m_EditorHideFlags: 0
  m_Script: {fileID: 11500000, guid: 6c20815eb3063c24290a61b7020a1836, type: 3}
  m_Name: 
  foreground: {fileID: 400000}
  thumb: {fileID: 0}
  direction: 0
  fullSize: {x: 79, y: 12}
  eventReceiver: {fileID: 0}
  functionName: OnSliderChange
  numberOfSteps: 0
  rawValue: 1
--- !u!114 &11400002
MonoBehaviour:
  m_ObjectHideFlags: 1
  m_PrefabParentObject: {fileID: 0}
  m_PrefabInternal: {fileID: 100100000}
  m_GameObject: {fileID: 100000}
  m_Enabled: 1
  m_EditorHideFlags: 0
  m_Script: {fileID: 11500000, guid: 9d33c6354b54fb847b16b36e1391868d, type: 3}
  m_Name: 
  mMat: {fileID: 2100000, guid: e1f0c0d0aa8114b9fb4966038f4050df, type: 2}
  mTex: {fileID: 2800000, guid: 5b11a65138c734f8f851f11d2eb9f333, type: 3}
  mColor: {r: 1, g: 1, b: 1, a: 1}
  mPivot: 3
  mDepth: 4
  mAtlas: {fileID: 11400000, guid: 58888e373bfd541af947cc185fd6b8a8, type: 2}
  mSpriteName: Mana-1
  mFillCenter: 1
--- !u!114 &11400004
MonoBehaviour:
  m_ObjectHideFlags: 1
  m_PrefabParentObject: {fileID: 0}
  m_PrefabInternal: {fileID: 100100000}
  m_GameObject: {fileID: 100002}
  m_Enabled: 1
  m_EditorHideFlags: 0
  m_Script: {fileID: 11500000, guid: 1b3dc54f924693f41b5cbecb267e647a, type: 3}
  m_Name: 
  mMat: {fileID: 2100000, guid: e1f0c0d0aa8114b9fb4966038f4050df, type: 2}
  mTex: {fileID: 2800000, guid: 5b11a65138c734f8f851f11d2eb9f333, type: 3}
  mColor: {r: 1, g: 1, b: 1, a: 1}
  mPivot: 3
  mDepth: 3
  mAtlas: {fileID: 11400000, guid: 58888e373bfd541af947cc185fd6b8a8, type: 2}
  mSpriteName: HP_Mana_Bar
--- !u!114 &11400006
MonoBehaviour:
  m_ObjectHideFlags: 1
  m_PrefabParentObject: {fileID: 0}
  m_PrefabInternal: {fileID: 100100000}
  m_GameObject: {fileID: 100010}
  m_Enabled: 1
  m_EditorHideFlags: 0
  m_Script: {fileID: 11500000, guid: 6c20815eb3063c24290a61b7020a1836, type: 3}
  m_Name: 
  foreground: {fileID: 400006}
  thumb: {fileID: 0}
  direction: 0
  fullSize: {x: 79, y: 12}
  eventReceiver: {fileID: 0}
  functionName: OnSliderChange
  numberOfSteps: 0
  rawValue: 1
--- !u!114 &11400008
MonoBehaviour:
  m_ObjectHideFlags: 1
  m_PrefabParentObject: {fileID: 0}
  m_PrefabInternal: {fileID: 100100000}
  m_GameObject: {fileID: 100006}
  m_Enabled: 1
  m_EditorHideFlags: 0
  m_Script: {fileID: 11500000, guid: 9d33c6354b54fb847b16b36e1391868d, type: 3}
  m_Name: 
  mMat: {fileID: 2100000, guid: e1f0c0d0aa8114b9fb4966038f4050df, type: 2}
  mTex: {fileID: 2800000, guid: 5b11a65138c734f8f851f11d2eb9f333, type: 3}
  mColor: {r: 1, g: 1, b: 1, a: 1}
  mPivot: 3
  mDepth: 2
  mAtlas: {fileID: 11400000, guid: 58888e373bfd541af947cc185fd6b8a8, type: 2}
  mSpriteName: Hp-2
  mFillCenter: 1
--- !u!114 &11400010
MonoBehaviour:
  m_ObjectHideFlags: 1
  m_PrefabParentObject: {fileID: 0}
  m_PrefabInternal: {fileID: 100100000}
  m_GameObject: {fileID: 100008}
  m_Enabled: 1
  m_EditorHideFlags: 0
  m_Script: {fileID: 11500000, guid: 1b3dc54f924693f41b5cbecb267e647a, type: 3}
  m_Name: 
  mMat: {fileID: 2100000, guid: e1f0c0d0aa8114b9fb4966038f4050df, type: 2}
  mTex: {fileID: 2800000, guid: 5b11a65138c734f8f851f11d2eb9f333, type: 3}
  mColor: {r: 1, g: 1, b: 1, a: 1}
  mPivot: 3
  mDepth: 1
  mAtlas: {fileID: 11400000, guid: 58888e373bfd541af947cc185fd6b8a8, type: 2}
  mSpriteName: HP_Mana_Bar
--- !u!114 &11400012
MonoBehaviour:
  m_ObjectHideFlags: 1
  m_PrefabParentObject: {fileID: 0}
  m_PrefabInternal: {fileID: 100100000}
  m_GameObject: {fileID: 100012}
  m_Enabled: 1
  m_EditorHideFlags: 0
  m_Script: {fileID: 11500000, guid: 1b3dc54f924693f41b5cbecb267e647a, type: 3}
  m_Name: 
  mMat: {fileID: 2100000, guid: e1f0c0d0aa8114b9fb4966038f4050df, type: 2}
  mTex: {fileID: 2800000, guid: 5b11a65138c734f8f851f11d2eb9f333, type: 3}
  mColor: {r: 1, g: 1, b: 1, a: 1}
  mPivot: 4
  mDepth: 5
  mAtlas: {fileID: 11400000, guid: 58888e373bfd541af947cc185fd6b8a8, type: 2}
  mSpriteName: char1
--- !u!114 &11400014
MonoBehaviour:
  m_ObjectHideFlags: 1
  m_PrefabParentObject: {fileID: 0}
  m_PrefabInternal: {fileID: 100100000}
  m_GameObject: {fileID: 100014}
  m_Enabled: 1
  m_EditorHideFlags: 0
  m_Script: {fileID: 11500000, guid: ae942c9068183dc40a9d01f648273726, type: 3}
  m_Name: 
  showInPanelTool: 1
  generateNormals: 0
  depthPass: 0
  widgetsAreStatic: 1
  mDebugInfo: 1
  mClipping: 0
  mClipRange: {x: 0, y: 0, z: 0, w: 0}
  mClipSoftness: {x: 40, y: 40}
--- !u!114 &11400016
MonoBehaviour:
  m_ObjectHideFlags: 1
  m_PrefabParentObject: {fileID: 0}
  m_PrefabInternal: {fileID: 100100000}
  m_GameObject: {fileID: 100014}
  m_Enabled: 1
  m_EditorHideFlags: 0
  m_Script: {fileID: 11500000, guid: dee2db0c0c6bbe34a9e0192fbacee6ea, type: 3}
  m_Name: 
  alpha: 1
--- !u!114 &11400018
MonoBehaviour:
  m_ObjectHideFlags: 1
  m_PrefabParentObject: {fileID: 0}
  m_PrefabInternal: {fileID: 100100000}
  m_GameObject: {fileID: 100014}
  m_Enabled: 1
  m_EditorHideFlags: 0
  m_Script: {fileID: 11500000, guid: c2372d528d46b477e8685680fcf1abdb, type: 3}
  m_Name: 
  healthBar: {fileID: 11400006}
  manaBar: {fileID: 11400000}
  icon: {fileID: 11400012}
  maxHealth: 100
  maxMana: 100
  color: {fileID: 11400022}
--- !u!114 &11400022
MonoBehaviour:
  m_ObjectHideFlags: 1
  m_PrefabParentObject: {fileID: 0}
  m_PrefabInternal: {fileID: 100100000}
  m_GameObject: {fileID: 100012}
  m_Enabled: 0
  m_EditorHideFlags: 0
  m_Script: {fileID: 11500000, guid: cfa4a4a103e4fed43a7e9e9df4a6915c, type: 3}
  m_Name: 
  method: 0
  style: 0
  animationCurve:
    serializedVersion: 2
    m_Curve:
    - time: 0
      value: 0
      inSlope: 1.66308498
      outSlope: 1.66308498
      tangentMode: 0
    - time: .50044769
      value: .999565005
      inSlope: .00985570345
      outSlope: .00985570345
      tangentMode: 0
    - time: .999949336
      value: .00118439458
      inSlope: -2.08498359
      outSlope: -2.08498359
      tangentMode: 0
    m_PreInfinity: 2
    m_PostInfinity: 2
  ignoreTimeScale: 1
  delay: 0
  duration: .400000006
  steeperCurves: 0
  tweenGroup: 0
  eventReceiver: {fileID: 0}
  callWhenFinished: 
  from: {r: 1, g: 1, b: 1, a: 1}
  to: {r: 1, g: 0, b: 0, a: 1}
--- !u!1001 &100100000
Prefab:
  m_ObjectHideFlags: 1
  serializedVersion: 2
  m_Modification:
    m_TransformParent: {fileID: 0}
    m_Modifications: []
    m_RemovedComponents: []
  m_ParentPrefab: {fileID: 0}
  m_RootGameObject: {fileID: 100014}
  m_IsPrefabParent: 1
  m_IsExploded: 1
